%YAML 1.1
%TAG !u! tag:unity3d.com,2011:
--- !u!243 &-5586540063819023367
AudioMixerGroupController:
  m_ObjectHideFlags: 0
  m_CorrespondingSourceObject: {fileID: 0}
  m_PrefabInstance: {fileID: 0}
  m_PrefabAsset: {fileID: 0}
  m_Name: Music
  m_AudioMixer: {fileID: 24100000}
  m_GroupID: d6cb917856111490087112877c558f02
  m_Children: []
  m_Volume: 2b8f1c2b2b30346c99588b2098a4fb4f
  m_Pitch: 933824815c993415ea29ebb0fa1d72ce
  m_Send: 00000000000000000000000000000000
  m_Effects:
  - {fileID: 2574939006703207742}
  m_UserColorIndex: 1
  m_Mute: 0
  m_Solo: 0
  m_BypassEffects: 0
--- !u!241 &24100000
AudioMixerController:
  m_ObjectHideFlags: 0
  m_CorrespondingSourceObject: {fileID: 0}
  m_PrefabInstance: {fileID: 0}
  m_PrefabAsset: {fileID: 0}
  m_Name: AudioMixer
  m_OutputGroup: {fileID: 0}
  m_MasterGroup: {fileID: 24300002}
  m_Snapshots:
  - {fileID: 24500006}
  m_StartSnapshot: {fileID: 24500006}
  m_SuspendThreshold: -80
  m_EnableSuspend: 1
  m_UpdateMode: 0
  m_ExposedParameters:
  - guid: 11cbb36290e4d498ebcd28437f185eb0
    name: Master
  - guid: 2b8f1c2b2b30346c99588b2098a4fb4f
    name: Music
  - guid: db143dd3a70ea4d129da571b737fc923
    name: Sound
  m_AudioMixerGroupViews:
  - guids:
    - 3f1263b0b6ae14a18b6f4cb7ad24eacc
    - d6cb917856111490087112877c558f02
    - cb5ce123b7bd84d4f8ebde357fc681bf
    name: View
  m_CurrentViewIndex: 0
  m_TargetSnapshot: {fileID: 24500006}
--- !u!243 &24300002
AudioMixerGroupController:
  m_ObjectHideFlags: 0
  m_CorrespondingSourceObject: {fileID: 0}
  m_PrefabInstance: {fileID: 0}
  m_PrefabAsset: {fileID: 0}
  m_Name: Master
  m_AudioMixer: {fileID: 24100000}
  m_GroupID: 3f1263b0b6ae14a18b6f4cb7ad24eacc
  m_Children:
  - {fileID: -5586540063819023367}
  - {fileID: 2598598554768373573}
  m_Volume: 11cbb36290e4d498ebcd28437f185eb0
  m_Pitch: be9d4dc450d154e559b26784f65df6f4
  m_Send: 00000000000000000000000000000000
  m_Effects:
  - {fileID: 24400004}
  m_UserColorIndex: 0
  m_Mute: 0
  m_Solo: 0
  m_BypassEffects: 0
--- !u!244 &24400004
AudioMixerEffectController:
  m_ObjectHideFlags: 3
  m_CorrespondingSourceObject: {fileID: 0}
  m_PrefabInstance: {fileID: 0}
  m_PrefabAsset: {fileID: 0}
  m_Name: 
  m_EffectID: fe7941af56ef44fd0bfe6c465d08cbe4
  m_EffectName: Attenuation
  m_MixLevel: dbe1faf56a08e42d0912a2e15ef8b4c7
  m_Parameters: []
  m_SendTarget: {fileID: 0}
  m_EnableWetMix: 0
  m_Bypass: 0
--- !u!245 &24500006
AudioMixerSnapshotController:
  m_ObjectHideFlags: 0
  m_CorrespondingSourceObject: {fileID: 0}
  m_PrefabInstance: {fileID: 0}
  m_PrefabAsset: {fileID: 0}
  m_Name: Snapshot
  m_AudioMixer: {fileID: 24100000}
  m_SnapshotID: 15ea3c95c76b242e6a2225656eb2a3f0
  m_FloatValues:
    11cbb36290e4d498ebcd28437f185eb0: -4.197361
    db143dd3a70ea4d129da571b737fc923: -10.345207
    2b8f1c2b2b30346c99588b2098a4fb4f: -10.345207
  m_TransitionOverrides: {}
--- !u!244 &2574939006703207742
AudioMixerEffectController:
  m_ObjectHideFlags: 3
  m_CorrespondingSourceObject: {fileID: 0}
  m_PrefabInstance: {fileID: 0}
  m_PrefabAsset: {fileID: 0}
  m_Name: 
  m_EffectID: f0f409e3dad974cfd8001a91ab7e5113
  m_EffectName: Attenuation
  m_MixLevel: 679c8f2e5aa1a42cba65fb689acbc0a8
  m_Parameters: []
  m_SendTarget: {fileID: 0}
  m_EnableWetMix: 0
  m_Bypass: 0
--- !u!243 &2598598554768373573
AudioMixerGroupController:
  m_ObjectHideFlags: 0
  m_CorrespondingSourceObject: {fileID: 0}
  m_PrefabInstance: {fileID: 0}
  m_PrefabAsset: {fileID: 0}
  m_Name: Sound
  m_AudioMixer: {fileID: 24100000}
  m_GroupID: cb5ce123b7bd84d4f8ebde357fc681bf
  m_Children: []
  m_Volume: db143dd3a70ea4d129da571b737fc923
  m_Pitch: 20f8b770dd7c1463b9c7213b5124bcec
  m_Send: 00000000000000000000000000000000
  m_Effects:
  - {fileID: 3630438620764630952}
  m_UserColorIndex: 6
  m_Mute: 0
  m_Solo: 0
  m_BypassEffects: 0
--- !u!244 &3630438620764630952
AudioMixerEffectController:
  m_ObjectHideFlags: 3
  m_CorrespondingSourceObject: {fileID: 0}
  m_PrefabInstance: {fileID: 0}
  m_PrefabAsset: {fileID: 0}
  m_Name: 
  m_EffectID: 36c6e6370b11747feaecffc460b7de0c
  m_EffectName: Attenuation
  m_MixLevel: 5034e9664fee14aa484f00eb43e19604
  m_Parameters: []
  m_SendTarget: {fileID: 0}
  m_EnableWetMix: 0
  m_Bypass: 0
